@article{Henikoff1997Gene,
	journal={Science},
	doi={10.1126/science.278.5338.609},
	issn={00368075, 10959203},
	number=5338,
	title={Gene Families: The Taxonomy of Protein Paralogs and Chimeras},
	volume=278,
	author={Henikoff, S.},
	pages={609--614},
	date={1997-10-24},
	year=1997,
	month=10,
	day=24,
}
@article{Kondrashov2012Gene,
	journal={Proceedings of the Royal Society B: Biological Sciences},
	doi={10.1098/rspb.2012.1108},
	issn={0962-8452, 1471-2954},
	number=1749,
	language={en},
	title={Gene duplication as a mechanism of genomic adaptation to a changing environment},
	volume=279,
	author={Kondrashov, Fyodor A.},
	pages={5048--5057},
	date={2012-12-22},
	year=2012,
	month=12,
	day=22,
}
@article{Ojeda-López2020Evolutionary,
	journal={Scientific Reports},
	doi={10.1038/s41598-020-73937-w},
	issn={2045-2322},
	number=1,
	language={en},
	note={number: 1
publisher: Nature Publishing Group},
	title={Evolutionary analysis of the Moringa oleifera genome reveals a recent burst of plastid to nucleus gene duplications},
	volume=10,
	author={Ojeda-López, José and Marczuk-Rojas, Juan Pablo and Polushkina, Oliver Aleksandrei and Purucker, Darius and Salinas, María and Carretero-Paulet, Lorenzo},
	pages=17646,
	date={2020-10-19},
	year=2020,
	month=10,
	day=19,
}
@article{Peñalba2020From,
	journal={Nature Reviews Genetics},
	doi={10.1038/s41576-020-0240-1},
	issn={1471-0064},
	number=8,
	language={en},
	note={Bandiera_abtest: a
Cg_type: Nature Research Journals
number: 8
Primary_atype: Reviews
publisher: Nature Publishing Group
Subject_term: DNA recombination;Evolutionary biology;Genomic analysis;Meiosis
Subject_term_id: dna-recombination;evolutionary-biology;genomic-analysis;meiosis},
	title={From molecules to populations: appreciating and estimating recombination rate variation},
	volume=21,
	author={Peñalba, Joshua V. and Wolf, Jochen B. W.},
	pages={476--492},
	date={2020-08},
	year=2020,
	month=8,
}
@article{Martin2019Recombination,
	journal={PLOS Biology},
	doi={10.1371/journal.pbio.2006288},
	issn={1545-7885},
	number=2,
	language={en},
	title={Recombination rate variation shapes barriers to introgression across butterfly genomes},
	volume=17,
	author={Martin, Simon H. and Davey, John W. and Salazar, Camilo and Jiggins, Chris D.},
	editor={Moyle, Leonie},
	pages={e2006288},
	date={2019-02-07},
	year=2019,
	month=2,
	day=7,
}
@article{Haenel2018Meta-analysis,
	journal={Molecular Ecology},
	doi={10.1111/mec.14699},
	issn={1365-294X},
	number=11,
	language={en},
	note={_eprint: https://onlinelibrary.wiley.com/doi/pdf/10.1111/mec.14699},
	title={Meta-analysis of chromosome-scale crossover rate variation in eukaryotes and its significance to evolutionary genomics},
	volume=27,
	author={Haenel, Quiterie and Laurentino, Telma G. and Roesti, Marius and Berner, Daniel},
	pages={2477--2497},
	date=2018,
	year=2018,
}
@article{Kidwell1997Transposable,
	journal={Proceedings of the National Academy of Sciences},
	doi={10.1073/pnas.94.15.7704},
	issn={0027-8424, 1091-6490},
	number=15,
	language={en},
	title={Transposable elements as sources of variation in animals and plants},
	volume=94,
	author={Kidwell, M. G. and Lisch, D.},
	pages={7704--7711},
	date={1997-07-22},
	year=1997,
	month=7,
	day=22,
}
@article{Kazazian2004Mobile,
	journal={Science},
	doi={10.1126/science.1089670},
	issn={0036-8075, 1095-9203},
	number=5664,
	language={en},
	title={Mobile Elements: Drivers of Genome Evolution},
	volume=303,
	author={Kazazian, H. H.},
	pages={1626--1632},
	date={2004-03-12},
	year=2004,
	month=3,
	day=12,
}
@article{Hedges2007Inviting,
	journal={Mutation Research/Fundamental and Molecular Mechanisms of Mutagenesis},
	doi={10.1016/j.mrfmmm.2006.11.021},
	issn=00275107,
	number={1-2},
	language={en},
	title={Inviting instability: Transposable elements, double-strand breaks, and the maintenance of genome integrity},
	volume=616,
	author={Hedges, D.J. and Deininger, P.L.},
	pages={46--59},
	date={2007-03},
	year=2007,
	month=3,
}
@article{Wells2020Field,
	journal={Annual Review of Genetics},
	doi={10.1146/annurev-genet-040620-022145},
	issn={0066-4197, 1545-2948},
	number=1,
	language={en},
	title={A Field Guide to Eukaryotic Transposable Elements},
	volume=54,
	author={Wells, Jonathan N. and Feschotte, Cédric},
	pages={539--561},
	date={2020-11-23},
	year=2020,
	month=11,
	day=23,
}
@article{Ray2019Simultaneous,
	journal={Genome Biology and Evolution},
	doi={10.1093/gbe/evz125},
	issn={1759-6653},
	number=8,
	language={en},
	title={Simultaneous TE Analysis of 19 Heliconiine Butterflies Yields Novel Insights into Rapid TE-Based Genome Diversification and Multiple SINE Births and Deaths},
	volume=11,
	author={Ray, David A and Grimshaw, Jenna R and Halsey, Michaela K and Korstian, Jennifer M and Osmanski, Austin B and Sullivan, Kevin A M and Wolf, Kristen A and Reddy, Harsith and Foley, Nicole and Stevens, Richard D and Knisbacher, Binyamin A and Levy, Orr and Counterman, Brian and Edelman, Nathaniel B and Mallet, James},
	editor={Schaack, Sarah},
	pages={2162--2177},
	date={2019-08-01},
	year=2019,
	month=8,
	day=1,
}
@article{Sultana2017Integration,
	journal={Nature Reviews Genetics},
	doi={10.1038/nrg.2017.7},
	issn={1471-0056, 1471-0064},
	number=5,
	language={en},
	title={Integration site selection by retroviruses and transposable elements in eukaryotes},
	volume=18,
	author={Sultana, Tania and Zamborlini, Alessia and Cristofari, Gael and Lesage, Pascale},
	pages={292--308},
	date={2017-05},
	year=2017,
	month=5,
}
@article{Talavera2018Round-trip,
	journal={Biology Letters},
	doi={10.1098/rsbl.2018.0274},
	issn={1744-9561, 1744-957X},
	number=6,
	language={en},
	title={Round-trip across the Sahara: Afrotropical Painted Lady butterflies recolonize the Mediterranean in early spring},
	volume=14,
	author={Talavera, Gerard and Bataille, Clément and Benyamini, Dubi and Gascoigne-Pees, Martin and Vila, Roger},
	pages=20180274,
	date={2018-06},
	year=2018,
	month=6,
}
@article{Li2019Insect,
	journal={Insect Molecular Biology},
	doi={10.1111/imb.12599},
	issn={0962-1075, 1365-2583},
	number=6,
	language={en},
	title={Insect genomes: progress and challenges},
	volume=28,
	author={Li, F. and Zhao, X. and Li, M. and He, K. and Huang, C. and Zhou, Y. and Li, Z. and Walters, J. R.},
	pages={739--758},
	date={2019-12},
	year=2019,
	month=12,
}
@article{Espeland2018Comprehensive,
	journal={Current Biology},
	doi={10.1016/j.cub.2018.01.061},
	issn={0960-9822},
	number=5,
	language={en},
	title={A Comprehensive and Dated Phylogenomic Analysis of Butterflies},
	volume=28,
	author={Espeland, Marianne and Breinholt, Jesse and Willmott, Keith R. and Warren, Andrew D. and Vila, Roger and Toussaint, Emmanuel F. A. and Maunsell, Sarah C. and Aduse-Poku, Kwaku and Talavera, Gerard and Eastwood, Rod and Jarzyna, Marta A. and Guralnick, Robert and Lohman, David J. and Pierce, Naomi E. and Kawahara, Akito Y.},
	pages={770--778.e5},
	date={2018-03-05},
	year=2018,
	month=3,
	day=5,
}
@article{Aljanabi1997Universal,
	journal={Nucleic Acids Research},
	doi={10.1093/nar/25.22.4692},
	issn=13624962,
	number=22,
	title={Universal and rapid salt-extraction of high quality genomic DNA for PCR- based techniques},
	volume=25,
	author={Aljanabi, S.},
	pages={4692--4693},
	date={1997-11-15},
	year=1997,
	month=11,
	day=15,
}
@article{Herrera2015Predicting,
	journal={Genome Biology and Evolution},
	doi={10.1093/gbe/evv210},
	issn={1759-6653},
	number=12,
	language={en},
	title={Predicting RAD-seq Marker Numbers across the Eukaryotic Tree of Life},
	volume=7,
	author={Herrera, Santiago and Reyes-Herrera, Paula H. and Shank, Timothy M.},
	pages={3207--3225},
	date={2015-12},
	year=2015,
	month=12,
}
@article{Catchen2013Stacks:,
	journal={Molecular Ecology},
	doi={10.1111/mec.12354},
	issn=09621083,
	number=11,
	language={en},
	title={Stacks: an analysis tool set for population genomics},
	volume=22,
	author={Catchen, Julian and Hohenlohe, Paul A. and Bassham, Susan and Amores, Angel and Cresko, William A.},
	pages={3124--3140},
	date={2013-06},
	year=2013,
	month=6,
}
@article{Okonechnikov2015Qualimap,
	journal={Bioinformatics},
	doi={10.1093/bioinformatics/btv566},
	issn={1367-4803, 1460-2059},
	language={en},
	title={Qualimap 2: advanced multi-sample quality control for high-throughput sequencing data},
	author={Okonechnikov, Konstantin and Conesa, Ana and García-Alcalde, Fernando},
	pages={btv566},
	date={2015-10-01},
	year=2015,
	month=10,
	day=1,
}
@article{Li2011statistical,
	journal={Bioinformatics (Oxford, England)},
	doi={10.1093/bioinformatics/btr509},
	issn={1367-4811},
	number=21,
	language={eng},
	note={PMID: 21903627
PMCID: PMC3198575},
	title={A statistical framework for SNP calling, mutation discovery, association mapping and population genetical parameter estimation from sequencing data},
	volume=27,
	author={Li, Heng},
	pages={2987--2993},
	date={2011-11-01},
	year=2011,
	month=11,
	day=1,
}
@article{Rastas2017Lep-MAP3:,
	journal={Bioinformatics},
	doi={10.1093/bioinformatics/btx494},
	issn={1367-4803, 1460-2059},
	number=23,
	language={en},
	title={Lep-MAP3: robust linkage mapping even for low-coverage whole genome sequencing data},
	volume=33,
	author={Rastas, Pasi},
	editor={Berger, Bonnie},
	pages={3726--3732},
	date={2017-12-01},
	year=2017,
	month=12,
	day=1,
}
@article{Rastas2020Lep-Anchor:,
	journal={Bioinformatics},
	doi={10.1093/bioinformatics/btz978},
	issn={1367-4803, 1460-2059},
	number=8,
	language={en},
	title={Lep-Anchor: automated construction of linkage map anchored haploid genomes},
	volume=36,
	author={Rastas, Pasi},
	editor={Cowen, Lenore},
	pages={2359--2364},
	date={2020-04-15},
	year=2020,
	month=4,
	day=15,
}
@article{Emms2019OrthoFinder:,
	journal={Genome Biology},
	doi={10.1186/s13059-019-1832-y},
	issn={1474-760X},
	number=1,
	language={en},
	title={OrthoFinder: phylogenetic orthology inference for comparative genomics},
	volume=20,
	author={Emms, David M. and Kelly, Steven},
	pages=238,
	date={2019-12},
	year=2019,
	month=12,
}
@article{Librado2012BadiRate:,
	journal={Bioinformatics},
	doi={10.1093/bioinformatics/btr623},
	issn={1367-4803},
	number=2,
	title={BadiRate: estimating family turnover rates by likelihood-based methods},
	volume=28,
	author={Librado, P. and Vieira, F. G. and Rozas, J.},
	pages={279--281},
	date={2012-01-15},
	year=2012,
	month=1,
	day=15,
}
@article{Huerta-Cepas2016ETE,
	journal={Molecular Biology and Evolution},
	doi={10.1093/molbev/msw046},
	issn={0737-4038, 1537-1719},
	number=6,
	language={en},
	title={ETE 3: Reconstruction, Analysis, and Visualization of Phylogenomic Data},
	volume=33,
	author={Huerta-Cepas, Jaime and Serra, François and Bork, Peer},
	pages={1635--1638},
	date={2016-06},
	year=2016,
	month=6,
}
@book{Alexa2021topGO:,
	note={DOI: 10.18129/B9.bioc.topGO},
	publisher={Bioconductor version: Release (3.13)},
	title={topGO: Enrichment Analysis for Gene Ontology},
	url={https://bioconductor.org/packages/topGO/},
	author={Alexa, Adrian and Rahnenfuhrer, Jorg},
	date=2021,
	year=2021,
}
@article{Alexa2006Improved,
	journal={Bioinformatics},
	doi={10.1093/bioinformatics/btl140},
	issn={1367-4803},
	number=13,
	title={Improved scoring of functional groups from gene expression data by decorrelating GO graph structure},
	volume=22,
	author={Alexa, Adrian and Rahnenführer, Jörg and Lengauer, Thomas},
	pages={1600--1607},
	date={2006-07-01},
	year=2006,
	month=7,
	day=1,
}
@article{Sackton2014Positive,
	journal={Evolution},
	doi={10.1111/evo.12449},
	issn=00143820,
	language={en},
	title={Positive Selection Drives Faster-Z Evolution In Silkmoths: Faster-Z Evolution In Silkmoths},
	author={Sackton, Timothy B. and Corbett-Detig, Russell B. and Nagaraju, Javaregowda and Vaishna, Lakshmi and Arunkumar, Kallare P. and Hartl, Daniel L.},
	pages={n/a--n/a},
	date={2014-06},
	year=2014,
	month=6,
}
@article{Rezvoy2007MareyMap:,
	journal={Bioinformatics},
	doi={10.1093/bioinformatics/btm315},
	issn={1367-4803, 1460-2059},
	number=16,
	language={en},
	title={MareyMap: an R-based tool with graphical interface for estimating recombination rates},
	volume=23,
	author={Rezvoy, C. and Charif, D. and Gueguen, L. and Marais, G. A.B.},
	pages={2188--2189},
	date={2007-08-15},
	year=2007,
	month=8,
	day=15,
}
@book{Wickham2009ggplot2:,
	series={Use R!},
	isbn={978-0-387-98141-3},
	language={en},
	note={DOI: 10.1007/978-0-387-98141-3},
	publisher={Springer-Verlag},
	address={New York},
	title={ggplot2: Elegant Graphics for Data Analysis},
	url={https://www.springer.com/gp/book/9780387981413},
	author={Wickham, Hadley},
	date=2009,
	year=2009,
}

